@misc
{
	bd:2023,
	title = {Конспект лекций по дисциплине «Базы Данных», Гаврилова Ю. М.},
	year = {2023}
}

@book{volgin,
	author = {В. В. Волгин},
	title = {Автосервис: создание и сертификация: Практическое пособие},
	address = {Москва},
	publisher = {Издательско-торговая корпорация «Дашков и Ко»},
	year = {2004},
	numpages = {620},
	isbn = {5-94798-473-3}
}

@book{upravavto,
	author = {Л. Б. Миротин and А. А. Ряховский and М. Ю. Останенко and А. Н. Ременцов and Ы. Э. Ташбаев and А. Л. Миронов },
	title = {Управление автосервисом: Учебное пособие для вузов / Под общ. ред. д.т.н., проф. Л. Б. Миротина},
	address = {Москва},
	publisher = {Издательство «Экзамен»},
	year = {2004},
	numpages = {320},
	isbn = {5-94692-746-9}
}

@book{diler,
	author = {В. П. Бычков and В. Н. Гончаров and Ю. П. Усова},
	title = {Организация дилерской и торговой деятельности предприятий автосервиса и фирменного обслуживания: Учебное пособие},
	address = {Воронеж},
	publisher = {ВГЛТУ им. Г.Ф. Морозова},
	year = {2016},
	numpages = {175},
	url = {https://znanium.com/catalog/product/858233},
	urldate = {2024-03-08}
}

@misc{
	stat2023aebrus,
	author = {{Ассоциация Европейского Бизнеса}},
	title = {Продажи легковых и легковых коммерческих автомобилей в России в декабре 2023: Пресс-релиз [Электронный ресурс]},
	url = {https://aebrus.ru/upload/iblock/a20/RUS-Car-Sales-in-December-2023.pdf},
	urldate = {2024-03-08}
}

@misc{
	stat2022aebrus,
	author = {{Ассоциация Европейского Бизнеса}},
	title = {Продажи легковых и легковых коммерческих автомобилей в России в декабре 2022: Пресс-релиз [Электронный ресурс]},
	url = {https://aebrus.ru/upload/iblock/101/RUS-Car-Sales-in-December-2022.pdf},
	urldate = {2024-03-08}
}

@misc{
	parallelimport,
	title = {Приказ Министерства промышленности и торговли Российской Федерации от 21.07.2023 № 2701 [Электронный ресурс]},
	url = {http://publication.pravo.gov.ru/document/0001202308040119},
	urldate = {2024-03-08}
}

@misc{
	yearold,
	title = {Парк ТС с типоразмерами шин на 01.01.2023 г. [Электронный ресурс]},
	url = {https://www.autostat.ru/research/product/493/},
	urldate = {2024-03-09}
}

@misc{
	serv1,
	title = {Сервисный центр <<У Сервис+>> [Электронный ресурс]},
	url = {https://www.uservice.ru/service/},
	urldate = {2024-03-09}
}

@misc{
	serv2,
	title = {Сервисный центр <<РОЛЬФ Сервис>> [Электронный ресурс]},
	url = {https://rolf-service.ru/},
	urldate = {2024-03-09}
}

@misc{
	serv3,
	title = {Сервисный центр <<ЕвроАвто>> [Электронный ресурс]},
	url = {https://euroauto.ru/service/},
	urldate = {2024-03-09}
}

@misc{
	serv4,
	title = {Сервисный центр <<Dynamic Drive>> [Электронный ресурс]},
	url = {https://dynamic-drive-auto.ru/},
	urldate = {2024-03-09}
}

@misc{
	serv5,
	title = {Сервисный центр <<АвтоРитм>> [Электронный ресурс]},
	url = {https://autoritm-service.ru/},
	urldate = {2024-03-09}
}

@book{dm,
	author = {Т. И. Сергеева and М. Ю. Сергеев},
	title = {Базы данных: модели данных, проектирование, язык SQL: учеб. пособие},
	address = {Воронеж},
	publisher = {ФГБОУ ВПО «Воронежский государственный технический университет»},
	year = {2012},
	numpages = {233},
	url = {https://cchgeu.ru/upload/iblock/493/g8dzbcjn3d67nzbakqwlz17r57cy2pwy/Uchebn_posobie-Bazy-dannykh.-Modeli-dannykh_-proektirovanie_-yazyk-SQL.pdf.PDF},
	urldate = {2024-03-09}
}

@book{relat,
	author = {В. К. Волк},
	title = {Проектирование, программирование, управление и администрирование},
	address = {Санкт-Петербург},
	publisher = {Лань},
	year = {2023},
	numpages = {244},
	isbn = {978-5-507-47243-7}
}

@book{postrelat,
	author = {В. И. Виноградов and М. В. Виноградова},
	title = {Постреляционные модели данных и языки запросов : учебное пособие},
	address = {Москва},
	publisher = {МГТУ им. Н.Э. Баумана},
	year = {2017},
	numpages = {96},
	isbn = {978-5-7038-4283-6}
}

@misc{
	timeman,
	title = {Using EXPLAIN},
	url = {https://www.postgresql.org/docs/current/using-explain.html},
	urldate = {2024-05-25}
}

@misc{
	bashman,
	author = {Chet Ramey},
	title = {The GNU Bourne-Again SHell},
	url = {https://tiswww.case.edu/php/chet/bash/bashtop.html},
	urldate = {2023-05-25}
}

@misc{
	numpy,
	title = {NumPy documentation},
	url = {https://numpy.org/doc/stable/index.html},
	urldate = {2024-05-25}
}

@misc{
	dbranking,
	title = {DB-Engines Ranking},
	url = {https://db-engines.com/en/ranking},
	urldate = {2024-05-25}
}

@misc{
	reestrpo,
	title = {Реестр программного обеспечения},
	url = {https://reestr.digital.gov.ru/},
	urldate = {2024-05-25}
}

@misc{
	osrating,
	title = {Desktop Operating System Market Share Worldwide},
	url = {https://gs.statcounter.com/os-market-share/desktop/worldwide},
	urldate = {2024-05-25}
}

@misc{
	oracle,
	title = {Database Documentation},
	url = {https://docs.oracle.com/en/database/},
	urldate = {2024-05-25}
}

@misc{
	mysql,
	title = {MySQL 8.4 Reference Manual},
	url = {https://dev.mysql.com/doc/refman/8.4/en/},
	urldate = {2024-05-25}
}

@misc{
	microsoft,
	title = {Документация по Microsoft SQL},
	url = {https://learn.microsoft.com/ru-ru/sql/?view=sql-server-ver16},
	urldate = {2024-05-25}
}

@misc{
	postgre,
	title = {PostgreSQL 17beta1 Documentation},
	url = {https://www.postgresql.org/files/documentation/pdf/17/postgresql-17-A4.pdf},
	urldate = {2024-05-25}
}

@misc{
	typescript,
	title = {TypeScript Documentation},
	url = {https://www.typescriptlang.org/docs/},
	urldate = {2024-05-28}
}

@misc{
	nodejs,
	title = {Node.js v22.2.0 documentation},
	url = {https://nodejs.org/docs/latest/api/},
	urldate = {2024-05-28}
}

@misc{
	prismaorm,
	title = {Prisma ORM Documentation},
	url = {https://www.prisma.io/docs},
	urldate = {2024-05-28}
}

@misc{
	plpgsql,
	title = {PL/pgSQL — SQL Procedural Language},
	url = {https://www.postgresql.org/docs/current/plpgsql-overview.html},
	urldate = {2024-05-28}
}

@misc{
	mocha,
	title = {TS-Mocha},
	url = {https://www.npmjs.com/package/ts-mocha},
	urldate = {2024-05-28}
}

@misc{
	c8,
	title = {c8 - native V8 code-coverage},
	url = {https://www.npmjs.com/package/c8},
	urldate = {2024-05-28}
}